%YAML 1.1
%TAG !u! tag:unity3d.com,2011:
--- !u!1 &74268251952188244
GameObject:
  m_ObjectHideFlags: 0
  m_CorrespondingSourceObject: {fileID: 0}
  m_PrefabInstance: {fileID: 0}
  m_PrefabAsset: {fileID: 0}
  serializedVersion: 6
  m_Component:
  - component: {fileID: 176530261547731029}
  m_Layer: 0
  m_Name: RightLeg
  m_TagString: Untagged
  m_Icon: {fileID: 0}
  m_NavMeshLayer: 0
  m_StaticEditorFlags: 0
  m_IsActive: 1
--- !u!4 &176530261547731029
Transform:
  m_ObjectHideFlags: 0
  m_CorrespondingSourceObject: {fileID: 0}
  m_PrefabInstance: {fileID: 0}
  m_PrefabAsset: {fileID: 0}
  m_GameObject: {fileID: 74268251952188244}
  m_LocalRotation: {x: 0.1699669, y: -0.08555062, z: -0.019933145, w: 0.9815269}
  m_LocalPosition: {x: -0.0011547158, y: -0.34073237, z: 0.040933266}
  m_LocalScale: {x: 1, y: 1, z: 1}
  m_Children:
  - {fileID: 1617120244381348525}
  m_Father: {fileID: 4078190835798576721}
  m_RootOrder: 0
  m_LocalEulerAnglesHint: {x: 0, y: 0, z: 0}
--- !u!1 &365229696120145007
GameObject:
  m_ObjectHideFlags: 0
  m_CorrespondingSourceObject: {fileID: 0}
  m_PrefabInstance: {fileID: 0}
  m_PrefabAsset: {fileID: 0}
  serializedVersion: 6
  m_Component:
  - component: {fileID: 914452159312487490}
  m_Layer: 0
  m_Name: RightHandIndex1
  m_TagString: Untagged
  m_Icon: {fileID: 0}
  m_NavMeshLayer: 0
  m_StaticEditorFlags: 0
  m_IsActive: 1
--- !u!4 &914452159312487490
Transform:
  m_ObjectHideFlags: 0
  m_CorrespondingSourceObject: {fileID: 0}
  m_PrefabInstance: {fileID: 0}
  m_PrefabAsset: {fileID: 0}
  m_GameObject: {fileID: 365229696120145007}
  m_LocalRotation: {x: 0.00000012519054, y: 0.015374715, z: -0.12616052, w: 0.9918907}
  m_LocalPosition: {x: 0.16029386, y: -0.0000003018869, z: -0.00000035635347}
  m_LocalScale: {x: 1, y: 1, z: 1}
  m_Children:
  - {fileID: 2178842760821059606}
  m_Father: {fileID: 6833246978437992393}
  m_RootOrder: 0
  m_LocalEulerAnglesHint: {x: 0, y: 0, z: 0}
--- !u!1 &367909056390993996
GameObject:
  m_ObjectHideFlags: 0
  m_CorrespondingSourceObject: {fileID: 0}
  m_PrefabInstance: {fileID: 0}
  m_PrefabAsset: {fileID: 0}
  serializedVersion: 6
  m_Component:
  - component: {fileID: 3850430910448640363}
  m_Layer: 0
  m_Name: RightArm
  m_TagString: Untagged
  m_Icon: {fileID: 0}
  m_NavMeshLayer: 0
  m_StaticEditorFlags: 0
  m_IsActive: 1
--- !u!4 &3850430910448640363
Transform:
  m_ObjectHideFlags: 0
  m_CorrespondingSourceObject: {fileID: 0}
  m_PrefabInstance: {fileID: 0}
  m_PrefabAsset: {fileID: 0}
  m_GameObject: {fileID: 367909056390993996}
  m_LocalRotation: {x: 0.21924081, y: -0.19169605, z: -0.3982894, w: 0.8697998}
  m_LocalPosition: {x: 0.19026996, y: -0.04857035, z: -0.01718422}
  m_LocalScale: {x: 1, y: 1, z: 1}
  m_Children:
  - {fileID: 37535463326682687}
  m_Father: {fileID: 8021492994092437704}
  m_RootOrder: 0
  m_LocalEulerAnglesHint: {x: 0, y: 0, z: 0}
--- !u!1 &612682431326917112
GameObject:
  m_ObjectHideFlags: 0
  m_CorrespondingSourceObject: {fileID: 0}
  m_PrefabInstance: {fileID: 0}
  m_PrefabAsset: {fileID: 0}
  serializedVersion: 6
  m_Component:
  - component: {fileID: 1660962483907079711}
  m_Layer: 0
  m_Name: RightHandIndex4
  m_TagString: Untagged
  m_Icon: {fileID: 0}
  m_NavMeshLayer: 0
  m_StaticEditorFlags: 0
  m_IsActive: 1
--- !u!4 &1660962483907079711
Transform:
  m_ObjectHideFlags: 0
  m_CorrespondingSourceObject: {fileID: 0}
  m_PrefabInstance: {fileID: 0}
  m_PrefabAsset: {fileID: 0}
  m_GameObject: {fileID: 612682431326917112}
  m_LocalRotation: {x: 0, y: -0, z: -0, w: 1}
  m_LocalPosition: {x: 0.051747687, y: -0.002367433, z: 0.0030241855}
  m_LocalScale: {x: 1, y: 1, z: 1}
  m_Children: []
  m_Father: {fileID: 3140006401392806520}
  m_RootOrder: 0
  m_LocalEulerAnglesHint: {x: 0, y: 0, z: 0}
--- !u!1 &899652606467515507
GameObject:
  m_ObjectHideFlags: 0
  m_CorrespondingSourceObject: {fileID: 0}
  m_PrefabInstance: {fileID: 0}
  m_PrefabAsset: {fileID: 0}
  serializedVersion: 6
  m_Component:
  - component: {fileID: 3330711558657009695}
  m_Layer: 0
  m_Name: Spine2
  m_TagString: Untagged
  m_Icon: {fileID: 0}
  m_NavMeshLayer: 0
  m_StaticEditorFlags: 0
  m_IsActive: 1
--- !u!4 &3330711558657009695
Transform:
  m_ObjectHideFlags: 0
  m_CorrespondingSourceObject: {fileID: 0}
  m_PrefabInstance: {fileID: 0}
  m_PrefabAsset: {fileID: 0}
  m_GameObject: {fileID: 899652606467515507}
  m_LocalRotation: {x: -0.057063155, y: -0.003176218, z: -0.022349695, w: 0.9981153}
  m_LocalPosition: {x: -0.000000098788675, y: 0.14712684, z: -0.0036624556}
  m_LocalScale: {x: 1, y: 1, z: 1}
  m_Children:
  - {fileID: 323133390897117370}
  - {fileID: 1416970025586389580}
  - {fileID: 8021492994092437704}
  m_Father: {fileID: 1437471186181280997}
  m_RootOrder: 0
  m_LocalEulerAnglesHint: {x: 0, y: 0, z: 0}
--- !u!1 &982085361016863712
GameObject:
  m_ObjectHideFlags: 0
  m_CorrespondingSourceObject: {fileID: 0}
  m_PrefabInstance: {fileID: 0}
  m_PrefabAsset: {fileID: 0}
  serializedVersion: 6
  m_Component:
  - component: {fileID: 37535463326682687}
  m_Layer: 0
  m_Name: RightForeArm
  m_TagString: Untagged
  m_Icon: {fileID: 0}
  m_NavMeshLayer: 0
  m_StaticEditorFlags: 0
  m_IsActive: 1
--- !u!4 &37535463326682687
Transform:
  m_ObjectHideFlags: 0
  m_CorrespondingSourceObject: {fileID: 0}
  m_PrefabInstance: {fileID: 0}
  m_PrefabAsset: {fileID: 0}
  m_GameObject: {fileID: 982085361016863712}
  m_LocalRotation: {x: -0.068072274, y: -0.20950462, z: -0.000000031665085, w: 0.97543526}
  m_LocalPosition: {x: 0.24179876, y: -0.00000013601328, z: -0.0000002584409}
  m_LocalScale: {x: 1, y: 1, z: 1}
  m_Children:
  - {fileID: 6833246978437992393}
  m_Father: {fileID: 3850430910448640363}
  m_RootOrder: 0
  m_LocalEulerAnglesHint: {x: 0, y: 0, z: 0}
--- !u!1 &1625610099529335676
GameObject:
  m_ObjectHideFlags: 0
  m_CorrespondingSourceObject: {fileID: 0}
  m_PrefabInstance: {fileID: 0}
  m_PrefabAsset: {fileID: 0}
  serializedVersion: 6
  m_Component:
  - component: {fileID: 229001984874265687}
  m_Layer: 0
  m_Name: RightHandThumb4
  m_TagString: Untagged
  m_Icon: {fileID: 0}
  m_NavMeshLayer: 0
  m_StaticEditorFlags: 0
  m_IsActive: 1
--- !u!4 &229001984874265687
Transform:
  m_ObjectHideFlags: 0
  m_CorrespondingSourceObject: {fileID: 0}
  m_PrefabInstance: {fileID: 0}
  m_PrefabAsset: {fileID: 0}
  m_GameObject: {fileID: 1625610099529335676}
  m_LocalRotation: {x: 0, y: -0, z: -0, w: 1}
  m_LocalPosition: {x: 0.05251769, y: -0.030321138, z: 0.030321334}
  m_LocalScale: {x: 1, y: 1, z: 1}
  m_Children: []
  m_Father: {fileID: 6932625709733178072}
  m_RootOrder: 0
  m_LocalEulerAnglesHint: {x: 0, y: 0, z: 0}
--- !u!1 &1653259060829036404
GameObject:
  m_ObjectHideFlags: 0
  m_CorrespondingSourceObject: {fileID: 0}
  m_PrefabInstance: {fileID: 0}
  m_PrefabAsset: {fileID: 0}
  serializedVersion: 6
  m_Component:
  - component: {fileID: 4743954885005432545}
  m_Layer: 0
  m_Name: LeftToe_End
  m_TagString: Untagged
  m_Icon: {fileID: 0}
  m_NavMeshLayer: 0
  m_StaticEditorFlags: 0
  m_IsActive: 1
--- !u!4 &4743954885005432545
Transform:
  m_ObjectHideFlags: 0
  m_CorrespondingSourceObject: {fileID: 0}
  m_PrefabInstance: {fileID: 0}
  m_PrefabAsset: {fileID: 0}
  m_GameObject: {fileID: 1653259060829036404}
  m_LocalRotation: {x: 0, y: -0, z: -0, w: 1}
  m_LocalPosition: {x: -0.0022121922, y: 0.005708499, z: 0.1324832}
  m_LocalScale: {x: 1, y: 1, z: 1}
  m_Children: []
  m_Father: {fileID: 4195334890475951775}
  m_RootOrder: 0
  m_LocalEulerAnglesHint: {x: 0, y: 0, z: 0}
--- !u!1 &2315072538614616605
GameObject:
  m_ObjectHideFlags: 0
  m_CorrespondingSourceObject: {fileID: 0}
  m_PrefabInstance: {fileID: 0}
  m_PrefabAsset: {fileID: 0}
  serializedVersion: 6
  m_Component:
  - component: {fileID: 3784873333178550987}
  m_Layer: 0
  m_Name: LeftLeg
  m_TagString: Untagged
  m_Icon: {fileID: 0}
  m_NavMeshLayer: 0
  m_StaticEditorFlags: 0
  m_IsActive: 1
--- !u!4 &3784873333178550987
Transform:
  m_ObjectHideFlags: 0
  m_CorrespondingSourceObject: {fileID: 0}
  m_PrefabInstance: {fileID: 0}
  m_PrefabAsset: {fileID: 0}
  m_GameObject: {fileID: 2315072538614616605}
  m_LocalRotation: {x: 0.15051049, y: -0.06095567, z: -0.01212207, w: 0.986653}
  m_LocalPosition: {x: 0.0010402955, y: -0.3407329, z: 0.04093201}
  m_LocalScale: {x: 1, y: 1, z: 1}
  m_Children:
  - {fileID: 8505548522269660335}
  m_Father: {fileID: 828652845025455857}
  m_RootOrder: 0
  m_LocalEulerAnglesHint: {x: 0, y: 0, z: 0}
--- !u!1 &2328047958435261118
GameObject:
  m_ObjectHideFlags: 0
  m_CorrespondingSourceObject: {fileID: 0}
  m_PrefabInstance: {fileID: 0}
  m_PrefabAsset: {fileID: 0}
  serializedVersion: 6
  m_Component:
  - component: {fileID: 8969189863654209224}
  m_Layer: 0
  m_Name: LeftHandIndex1
  m_TagString: Untagged
  m_Icon: {fileID: 0}
  m_NavMeshLayer: 0
  m_StaticEditorFlags: 0
  m_IsActive: 1
--- !u!4 &8969189863654209224
Transform:
  m_ObjectHideFlags: 0
  m_CorrespondingSourceObject: {fileID: 0}
  m_PrefabInstance: {fileID: 0}
  m_PrefabAsset: {fileID: 0}
  m_GameObject: {fileID: 2328047958435261118}
  m_LocalRotation: {x: -0.0000005447909, y: -0.04495569, z: 0.3725281, w: 0.9269314}
  m_LocalPosition: {x: -0.16441192, y: -0.000000047493103, z: -0.00000018683792}
  m_LocalScale: {x: 1, y: 1, z: 1}
  m_Children:
  - {fileID: 3912758520460907954}
  m_Father: {fileID: 5286591529473985619}
  m_RootOrder: 0
  m_LocalEulerAnglesHint: {x: 0, y: 0, z: 0}
--- !u!1 &2520723175086032759
GameObject:
  m_ObjectHideFlags: 0
  m_CorrespondingSourceObject: {fileID: 0}
  m_PrefabInstance: {fileID: 0}
  m_PrefabAsset: {fileID: 0}
  serializedVersion: 6
  m_Component:
  - component: {fileID: 828652845025455857}
  m_Layer: 0
  m_Name: LeftUpLeg
  m_TagString: Untagged
  m_Icon: {fileID: 0}
  m_NavMeshLayer: 0
  m_StaticEditorFlags: 0
  m_IsActive: 1
--- !u!4 &828652845025455857
Transform:
  m_ObjectHideFlags: 0
  m_CorrespondingSourceObject: {fileID: 0}
  m_PrefabInstance: {fileID: 0}
  m_PrefabAsset: {fileID: 0}
  m_GameObject: {fileID: 2520723175086032759}
  m_LocalRotation: {x: 0.014852201, y: -0.037378613, z: -0.07949752, w: 0.9960233}
  m_LocalPosition: {x: -0.14073034, y: -0.07904119, z: -0.014629613}
  m_LocalScale: {x: 1, y: 1, z: 1}
  m_Children:
  - {fileID: 3784873333178550987}
  m_Father: {fileID: 4578510359435936070}
  m_RootOrder: 0
  m_LocalEulerAnglesHint: {x: 0, y: 0, z: 0}
--- !u!1 &2820609292020313024
GameObject:
  m_ObjectHideFlags: 0
  m_CorrespondingSourceObject: {fileID: 0}
  m_PrefabInstance: {fileID: 0}
  m_PrefabAsset: {fileID: 0}
  serializedVersion: 6
  m_Component:
  - component: {fileID: 1998589058895256991}
  m_Layer: 0
  m_Name: LeftHandThumb4
  m_TagString: Untagged
  m_Icon: {fileID: 0}
  m_NavMeshLayer: 0
  m_StaticEditorFlags: 0
  m_IsActive: 1
--- !u!4 &1998589058895256991
Transform:
  m_ObjectHideFlags: 0
  m_CorrespondingSourceObject: {fileID: 0}
  m_PrefabInstance: {fileID: 0}
  m_PrefabAsset: {fileID: 0}
  m_GameObject: {fileID: 2820609292020313024}
  m_LocalRotation: {x: 0, y: -0, z: -0, w: 1}
  m_LocalPosition: {x: -0.052517753, y: -0.030321041, z: 0.030321322}
  m_LocalScale: {x: 1, y: 1, z: 1}
  m_Children: []
  m_Father: {fileID: 7004389274279110331}
  m_RootOrder: 0
  m_LocalEulerAnglesHint: {x: 0, y: 0, z: 0}
--- !u!1 &3057281897496609230
GameObject:
  m_ObjectHideFlags: 0
  m_CorrespondingSourceObject: {fileID: 0}
  m_PrefabInstance: {fileID: 0}
  m_PrefabAsset: {fileID: 0}
  serializedVersion: 6
  m_Component:
  - component: {fileID: 323133390897117370}
  m_Layer: 0
  m_Name: LeftShoulder
  m_TagString: Untagged
  m_Icon: {fileID: 0}
  m_NavMeshLayer: 0
  m_StaticEditorFlags: 0
  m_IsActive: 1
--- !u!4 &323133390897117370
Transform:
  m_ObjectHideFlags: 0
  m_CorrespondingSourceObject: {fileID: 0}
  m_PrefabInstance: {fileID: 0}
  m_PrefabAsset: {fileID: 0}
  m_GameObject: {fileID: 3057281897496609230}
  m_LocalRotation: {x: 0.0066199256, y: -0.012821819, z: 0.061485372, w: 0.99800366}
  m_LocalPosition: {x: -0.12896372, y: 0.26716295, z: -0.045484338}
  m_LocalScale: {x: 1, y: 1, z: 1}
  m_Children:
  - {fileID: 9159541088187881346}
  m_Father: {fileID: 3330711558657009695}
  m_RootOrder: 0
  m_LocalEulerAnglesHint: {x: 0, y: 0, z: 0}
--- !u!1 &3093746414020819385
GameObject:
  m_ObjectHideFlags: 0
  m_CorrespondingSourceObject: {fileID: 0}
  m_PrefabInstance: {fileID: 0}
  m_PrefabAsset: {fileID: 0}
  serializedVersion: 6
  m_Component:
  - component: {fileID: 6833246978437992393}
  m_Layer: 0
  m_Name: RightHand
  m_TagString: Untagged
  m_Icon: {fileID: 0}
  m_NavMeshLayer: 0
  m_StaticEditorFlags: 0
  m_IsActive: 1
--- !u!4 &6833246978437992393
Transform:
  m_ObjectHideFlags: 0
  m_CorrespondingSourceObject: {fileID: 0}
  m_PrefabInstance: {fileID: 0}
  m_PrefabAsset: {fileID: 0}
  m_GameObject: {fileID: 3093746414020819385}
  m_LocalRotation: {x: 0.0568761, y: -0.06524689, z: 0.05516667, w: 0.9947184}
  m_LocalPosition: {x: 0.27156422, y: 0.00000007268181, z: -0.000000091648154}
  m_LocalScale: {x: 1, y: 1, z: 1}
  m_Children:
  - {fileID: 914452159312487490}
  - {fileID: 3199657022998141414}
  m_Father: {fileID: 37535463326682687}
  m_RootOrder: 0
  m_LocalEulerAnglesHint: {x: 0, y: 0, z: 0}
--- !u!1 &3363927733701353444
GameObject:
  m_ObjectHideFlags: 0
  m_CorrespondingSourceObject: {fileID: 0}
  m_PrefabInstance: {fileID: 0}
  m_PrefabAsset: {fileID: 0}
  serializedVersion: 6
  m_Component:
  - component: {fileID: 8505548522269660335}
  m_Layer: 0
  m_Name: LeftFoot
  m_TagString: Untagged
  m_Icon: {fileID: 0}
  m_NavMeshLayer: 0
  m_StaticEditorFlags: 0
  m_IsActive: 1
--- !u!4 &8505548522269660335
Transform:
  m_ObjectHideFlags: 0
  m_CorrespondingSourceObject: {fileID: 0}
  m_PrefabInstance: {fileID: 0}
  m_PrefabAsset: {fileID: 0}
  m_GameObject: {fileID: 3363927733701353444}
  m_LocalRotation: {x: -0.11404562, y: -0.017698755, z: 0.10278763, w: 0.9879854}
  m_LocalPosition: {x: -0.001148661, y: -0.29899365, z: -0.06319003}
  m_LocalScale: {x: 1, y: 1, z: 1}
  m_Children:
  - {fileID: 4195334890475951775}
  m_Father: {fileID: 3784873333178550987}
  m_RootOrder: 0
  m_LocalEulerAnglesHint: {x: 0, y: 0, z: 0}
--- !u!1 &3562806913714261989
GameObject:
  m_ObjectHideFlags: 0
  m_CorrespondingSourceObject: {fileID: 0}
  m_PrefabInstance: {fileID: 0}
  m_PrefabAsset: {fileID: 0}
  serializedVersion: 6
  m_Component:
  - component: {fileID: 3912758520460907954}
  m_Layer: 0
  m_Name: LeftHandIndex2
  m_TagString: Untagged
  m_Icon: {fileID: 0}
  m_NavMeshLayer: 0
  m_StaticEditorFlags: 0
  m_IsActive: 1
--- !u!4 &3912758520460907954
Transform:
  m_ObjectHideFlags: 0
  m_CorrespondingSourceObject: {fileID: 0}
  m_PrefabInstance: {fileID: 0}
  m_PrefabAsset: {fileID: 0}
  m_GameObject: {fileID: 3562806913714261989}
  m_LocalRotation: {x: -0.00000031525593, y: -0.04495586, z: 0.3725088, w: 0.9269392}
  m_LocalPosition: {x: -0.048218828, y: 0.00000050705165, z: 0.00000017883254}
  m_LocalScale: {x: 1, y: 1, z: 1}
  m_Children:
  - {fileID: 1317910598997915178}
  m_Father: {fileID: 8969189863654209224}
  m_RootOrder: 0
  m_LocalEulerAnglesHint: {x: 0, y: 0, z: 0}
--- !u!1 &3799089649217445109
GameObject:
  m_ObjectHideFlags: 0
  m_CorrespondingSourceObject: {fileID: 0}
  m_PrefabInstance: {fileID: 0}
  m_PrefabAsset: {fileID: 0}
  serializedVersion: 6
  m_Component:
  - component: {fileID: 4607960068963976783}
  - component: {fileID: 7571377326604524597}
  - component: {fileID: -363125079104096488}
  m_Layer: 0
  m_Name: Peasant
  m_TagString: Untagged
  m_Icon: {fileID: 0}
  m_NavMeshLayer: 0
  m_StaticEditorFlags: 0
  m_IsActive: 1
--- !u!4 &4607960068963976783
Transform:
  m_ObjectHideFlags: 0
  m_CorrespondingSourceObject: {fileID: 0}
  m_PrefabInstance: {fileID: 0}
  m_PrefabAsset: {fileID: 0}
  m_GameObject: {fileID: 3799089649217445109}
  m_LocalRotation: {x: 0, y: 0, z: 0, w: 1}
  m_LocalPosition: {x: 0, y: 0, z: 0}
  m_LocalScale: {x: 10, y: 10, z: 10}
  m_Children:
  - {fileID: 4578510359435936070}
  - {fileID: 4412494689527762121}
  m_Father: {fileID: 0}
  m_RootOrder: 0
  m_LocalEulerAnglesHint: {x: 0, y: 0, z: 0}
--- !u!95 &7571377326604524597
Animator:
  serializedVersion: 3
  m_ObjectHideFlags: 0
  m_CorrespondingSourceObject: {fileID: 0}
  m_PrefabInstance: {fileID: 0}
  m_PrefabAsset: {fileID: 0}
  m_GameObject: {fileID: 3799089649217445109}
  m_Enabled: 1
  m_Avatar: {fileID: 9000000, guid: 91c668bc16c26864c909b8193fe6b051, type: 3}
  m_Controller: {fileID: 9100000, guid: bf62020e9166ecd49b80539477de3e63, type: 2}
  m_CullingMode: 1
  m_UpdateMode: 0
  m_ApplyRootMotion: 1
  m_LinearVelocityBlending: 0
  m_WarningMessage: 
  m_HasTransformHierarchy: 1
  m_AllowConstantClipSamplingOptimization: 1
  m_KeepAnimatorControllerStateOnDisable: 0
--- !u!114 &-363125079104096488
MonoBehaviour:
  m_ObjectHideFlags: 0
  m_CorrespondingSourceObject: {fileID: 0}
  m_PrefabInstance: {fileID: 0}
  m_PrefabAsset: {fileID: 0}
  m_GameObject: {fileID: 3799089649217445109}
  m_Enabled: 1
  m_EditorHideFlags: 0
  m_Script: {fileID: 11500000, guid: 0148ea9c065590a469585a1171ef2dc4, type: 3}
  m_Name: 
  m_EditorClassIdentifier: 
  animator: {fileID: 0}
  beer: {fileID: 5813559208288856449}
--- !u!1 &3872546664281425828
GameObject:
  m_ObjectHideFlags: 0
  m_CorrespondingSourceObject: {fileID: 0}
  m_PrefabInstance: {fileID: 0}
  m_PrefabAsset: {fileID: 0}
  serializedVersion: 6
  m_Component:
  - component: {fileID: 6932625709733178072}
  m_Layer: 0
  m_Name: RightHandThumb3
  m_TagString: Untagged
  m_Icon: {fileID: 0}
  m_NavMeshLayer: 0
  m_StaticEditorFlags: 0
  m_IsActive: 1
--- !u!4 &6932625709733178072
Transform:
  m_ObjectHideFlags: 0
  m_CorrespondingSourceObject: {fileID: 0}
  m_PrefabInstance: {fileID: 0}
  m_PrefabAsset: {fileID: 0}
  m_GameObject: {fileID: 3872546664281425828}
  m_LocalRotation: {x: 0.012691596, y: 0.05152799, z: 0.027671995, w: 0.99820745}
  m_LocalPosition: {x: 0.03252128, y: -0.018775722, z: 0.018776288}
  m_LocalScale: {x: 1, y: 1, z: 1}
  m_Children:
  - {fileID: 229001984874265687}
  m_Father: {fileID: 2022609111674796425}
  m_RootOrder: 0
  m_LocalEulerAnglesHint: {x: 0, y: 0, z: 0}
--- !u!1 &3955458372316114183
GameObject:
  m_ObjectHideFlags: 0
  m_CorrespondingSourceObject: {fileID: 0}
  m_PrefabInstance: {fileID: 0}
  m_PrefabAsset: {fileID: 0}
  serializedVersion: 6
  m_Component:
  - component: {fileID: 5395877307403147327}
  m_Layer: 0
  m_Name: RightToeBase
  m_TagString: Untagged
  m_Icon: {fileID: 0}
  m_NavMeshLayer: 0
  m_StaticEditorFlags: 0
  m_IsActive: 1
--- !u!4 &5395877307403147327
Transform:
  m_ObjectHideFlags: 0
  m_CorrespondingSourceObject: {fileID: 0}
  m_PrefabInstance: {fileID: 0}
  m_PrefabAsset: {fileID: 0}
  m_GameObject: {fileID: 3955458372316114183}
  m_LocalRotation: {x: -0.000000031009556, y: 0.000000011067462, z: -0.000000008491279, w: 1}
  m_LocalPosition: {x: 0.015511246, y: -0.1498868, z: 0.20535819}
  m_LocalScale: {x: 1, y: 1, z: 1}
  m_Children:
  - {fileID: 51841590817402801}
  m_Father: {fileID: 1617120244381348525}
  m_RootOrder: 0
  m_LocalEulerAnglesHint: {x: 0, y: 0, z: 0}
--- !u!1 &4174630880390604122
GameObject:
  m_ObjectHideFlags: 0
  m_CorrespondingSourceObject: {fileID: 0}
  m_PrefabInstance: {fileID: 0}
  m_PrefabAsset: {fileID: 0}
  serializedVersion: 6
  m_Component:
  - component: {fileID: 9099490512804743834}
  m_Layer: 0
  m_Name: HeadTop_End
  m_TagString: Untagged
  m_Icon: {fileID: 0}
  m_NavMeshLayer: 0
  m_StaticEditorFlags: 0
  m_IsActive: 1
--- !u!4 &9099490512804743834
Transform:
  m_ObjectHideFlags: 0
  m_CorrespondingSourceObject: {fileID: 0}
  m_PrefabInstance: {fileID: 0}
  m_PrefabAsset: {fileID: 0}
  m_GameObject: {fileID: 4174630880390604122}
  m_LocalRotation: {x: 0, y: -0, z: -0, w: 1}
  m_LocalPosition: {x: -0.00000015154771, y: 0.22206177, z: 0.021924946}
  m_LocalScale: {x: 1, y: 1, z: 1}
  m_Children: []
  m_Father: {fileID: 3070702524863948980}
  m_RootOrder: 0
  m_LocalEulerAnglesHint: {x: 0, y: 0, z: 0}
--- !u!1 &4237997991811200763
GameObject:
  m_ObjectHideFlags: 0
  m_CorrespondingSourceObject: {fileID: 0}
  m_PrefabInstance: {fileID: 0}
  m_PrefabAsset: {fileID: 0}
  serializedVersion: 6
  m_Component:
  - component: {fileID: 7004389274279110331}
  m_Layer: 0
  m_Name: LeftHandThumb3
  m_TagString: Untagged
  m_Icon: {fileID: 0}
  m_NavMeshLayer: 0
  m_StaticEditorFlags: 0
  m_IsActive: 1
--- !u!4 &7004389274279110331
Transform:
  m_ObjectHideFlags: 0
  m_CorrespondingSourceObject: {fileID: 0}
  m_PrefabInstance: {fileID: 0}
  m_PrefabAsset: {fileID: 0}
  m_GameObject: {fileID: 4237997991811200763}
  m_LocalRotation: {x: 0.08994246, y: 0.008786051, z: 0.007770051, w: 0.9958779}
  m_LocalPosition: {x: -0.032521322, y: -0.018775659, z: 0.018776279}
  m_LocalScale: {x: 1, y: 1, z: 1}
  m_Children:
  - {fileID: 1998589058895256991}
  m_Father: {fileID: 6343249425605696221}
  m_RootOrder: 0
  m_LocalEulerAnglesHint: {x: 0, y: 0, z: 0}
--- !u!1 &4319300426907896526
GameObject:
  m_ObjectHideFlags: 0
  m_CorrespondingSourceObject: {fileID: 0}
  m_PrefabInstance: {fileID: 0}
  m_PrefabAsset: {fileID: 0}
  serializedVersion: 6
  m_Component:
  - component: {fileID: 6511870546754353698}
  m_Layer: 0
  m_Name: LeftHandThumb1
  m_TagString: Untagged
  m_Icon: {fileID: 0}
  m_NavMeshLayer: 0
  m_StaticEditorFlags: 0
  m_IsActive: 1
--- !u!4 &6511870546754353698
Transform:
  m_ObjectHideFlags: 0
  m_CorrespondingSourceObject: {fileID: 0}
  m_PrefabInstance: {fileID: 0}
  m_PrefabAsset: {fileID: 0}
  m_GameObject: {fileID: 4319300426907896526}
  m_LocalRotation: {x: 0.20046024, y: 0.02108563, z: 0.039276373, w: 0.9786871}
  m_LocalPosition: {x: -0.06534866, y: -0.05032599, z: 0.059002604}
  m_LocalScale: {x: 1, y: 1, z: 1}
  m_Children:
  - {fileID: 6343249425605696221}
  m_Father: {fileID: 5286591529473985619}
  m_RootOrder: 1
  m_LocalEulerAnglesHint: {x: 0, y: 0, z: 0}
--- !u!1 &4479146482155302668
GameObject:
  m_ObjectHideFlags: 0
  m_CorrespondingSourceObject: {fileID: 0}
  m_PrefabInstance: {fileID: 0}
  m_PrefabAsset: {fileID: 0}
  serializedVersion: 6
  m_Component:
  - component: {fileID: 1416970025586389580}
  m_Layer: 0
  m_Name: Neck
  m_TagString: Untagged
  m_Icon: {fileID: 0}
  m_NavMeshLayer: 0
  m_StaticEditorFlags: 0
  m_IsActive: 1
--- !u!4 &1416970025586389580
Transform:
  m_ObjectHideFlags: 0
  m_CorrespondingSourceObject: {fileID: 0}
  m_PrefabInstance: {fileID: 0}
  m_PrefabAsset: {fileID: 0}
  m_GameObject: {fileID: 4479146482155302668}
  m_LocalRotation: {x: 0.029319087, y: -0.0040474385, z: -0.01954394, w: 0.9993708}
  m_LocalPosition: {x: -0.00000023563302, y: 0.3541554, z: -0.033142306}
  m_LocalScale: {x: 1, y: 1, z: 1}
  m_Children:
  - {fileID: 3070702524863948980}
  m_Father: {fileID: 3330711558657009695}
  m_RootOrder: 1
  m_LocalEulerAnglesHint: {x: 0, y: 0, z: 0}
--- !u!1 &4491665114451856625
GameObject:
  m_ObjectHideFlags: 0
  m_CorrespondingSourceObject: {fileID: 0}
  m_PrefabInstance: {fileID: 0}
  m_PrefabAsset: {fileID: 0}
  serializedVersion: 6
  m_Component:
  - component: {fileID: 5286591529473985619}
  m_Layer: 0
  m_Name: LeftHand
  m_TagString: Untagged
  m_Icon: {fileID: 0}
  m_NavMeshLayer: 0
  m_StaticEditorFlags: 0
  m_IsActive: 1
--- !u!4 &5286591529473985619
Transform:
  m_ObjectHideFlags: 0
  m_CorrespondingSourceObject: {fileID: 0}
  m_PrefabInstance: {fileID: 0}
  m_PrefabAsset: {fileID: 0}
  m_GameObject: {fileID: 4491665114451856625}
  m_LocalRotation: {x: 0.24781358, y: 0.19536774, z: -0.29349655, w: 0.9023745}
  m_LocalPosition: {x: -0.27156422, y: 0.0000005275677, z: -0.0000000830624}
  m_LocalScale: {x: 1, y: 1, z: 1}
  m_Children:
  - {fileID: 8969189863654209224}
  - {fileID: 6511870546754353698}
  - {fileID: 5813559208289088929}
  m_Father: {fileID: 5164059614229021140}
  m_RootOrder: 0
  m_LocalEulerAnglesHint: {x: 0, y: 0, z: 0}
--- !u!1 &4776946450821040501
GameObject:
  m_ObjectHideFlags: 0
  m_CorrespondingSourceObject: {fileID: 0}
  m_PrefabInstance: {fileID: 0}
  m_PrefabAsset: {fileID: 0}
  serializedVersion: 6
  m_Component:
  - component: {fileID: 4578510359435936070}
  m_Layer: 0
  m_Name: Hips
  m_TagString: Untagged
  m_Icon: {fileID: 0}
  m_NavMeshLayer: 0
  m_StaticEditorFlags: 0
  m_IsActive: 1
--- !u!4 &4578510359435936070
Transform:
  m_ObjectHideFlags: 0
  m_CorrespondingSourceObject: {fileID: 0}
  m_PrefabInstance: {fileID: 0}
  m_PrefabAsset: {fileID: 0}
  m_GameObject: {fileID: 4776946450821040501}
  m_LocalRotation: {x: -0.03281286, y: 0.05556861, z: -0.0030922224, w: 0.9979108}
  m_LocalPosition: {x: 0.01725938, y: 0.86920995, z: 0.009052861}
  m_LocalScale: {x: 1, y: 1, z: 1}
  m_Children:
  - {fileID: 828652845025455857}
  - {fileID: 4078190835798576721}
  - {fileID: 4774415448990442229}
  m_Father: {fileID: 4607960068963976783}
  m_RootOrder: 0
  m_LocalEulerAnglesHint: {x: 0, y: 0, z: 0}
--- !u!1 &5158437860903209309
GameObject:
  m_ObjectHideFlags: 0
  m_CorrespondingSourceObject: {fileID: 0}
  m_PrefabInstance: {fileID: 0}
  m_PrefabAsset: {fileID: 0}
  serializedVersion: 6
  m_Component:
  - component: {fileID: 4412494689527762121}
  - component: {fileID: 6064560900140307537}
  m_Layer: 0
  m_Name: Peasant_Man
  m_TagString: Untagged
  m_Icon: {fileID: 0}
  m_NavMeshLayer: 0
  m_StaticEditorFlags: 0
  m_IsActive: 1
--- !u!4 &4412494689527762121
Transform:
  m_ObjectHideFlags: 0
  m_CorrespondingSourceObject: {fileID: 0}
  m_PrefabInstance: {fileID: 0}
  m_PrefabAsset: {fileID: 0}
  m_GameObject: {fileID: 5158437860903209309}
  m_LocalRotation: {x: 0, y: -0, z: -0, w: 1}
  m_LocalPosition: {x: -0, y: 0, z: 0}
  m_LocalScale: {x: 1, y: 1, z: 1}
  m_Children: []
  m_Father: {fileID: 4607960068963976783}
  m_RootOrder: 1
  m_LocalEulerAnglesHint: {x: 0, y: 0, z: 0}
--- !u!137 &6064560900140307537
SkinnedMeshRenderer:
  m_ObjectHideFlags: 0
  m_CorrespondingSourceObject: {fileID: 0}
  m_PrefabInstance: {fileID: 0}
  m_PrefabAsset: {fileID: 0}
  m_GameObject: {fileID: 5158437860903209309}
  m_Enabled: 1
  m_CastShadows: 1
  m_ReceiveShadows: 1
  m_DynamicOccludee: 1
  m_MotionVectors: 1
  m_LightProbeUsage: 1
  m_ReflectionProbeUsage: 1
  m_RayTracingMode: 3
  m_RayTraceProcedural: 0
  m_RenderingLayerMask: 1
  m_RendererPriority: 0
  m_Materials:
  - {fileID: 2100000, guid: 19eaffa36a324774189b893c041d6af5, type: 2}
  m_StaticBatchInfo:
    firstSubMesh: 0
    subMeshCount: 0
  m_StaticBatchRoot: {fileID: 0}
  m_ProbeAnchor: {fileID: 0}
  m_LightProbeVolumeOverride: {fileID: 0}
  m_ScaleInLightmap: 1
  m_ReceiveGI: 1
  m_PreserveUVs: 0
  m_IgnoreNormalsForChartDetection: 0
  m_ImportantGI: 0
  m_StitchLightmapSeams: 1
  m_SelectedEditorRenderState: 3
  m_MinimumChartSize: 4
  m_AutoUVMaxDistance: 0.5
  m_AutoUVMaxAngle: 89
  m_LightmapParameters: {fileID: 0}
  m_SortingLayerID: 0
  m_SortingLayer: 0
  m_SortingOrder: 0
  serializedVersion: 2
  m_Quality: 0
  m_UpdateWhenOffscreen: 0
  m_SkinnedMotionVectors: 1
  m_Mesh: {fileID: -84604681014512354, guid: 91c668bc16c26864c909b8193fe6b051, type: 3}
  m_Bones:
  - {fileID: 51841590817402801}
  - {fileID: 5395877307403147327}
  - {fileID: 1617120244381348525}
  - {fileID: 176530261547731029}
  - {fileID: 4078190835798576721}
  - {fileID: 4743954885005432545}
  - {fileID: 4195334890475951775}
  - {fileID: 8505548522269660335}
  - {fileID: 3784873333178550987}
  - {fileID: 828652845025455857}
  - {fileID: 1660962483907079711}
  - {fileID: 3140006401392806520}
  - {fileID: 2178842760821059606}
  - {fileID: 914452159312487490}
  - {fileID: 229001984874265687}
  - {fileID: 6932625709733178072}
  - {fileID: 2022609111674796425}
  - {fileID: 3199657022998141414}
  - {fileID: 6833246978437992393}
  - {fileID: 37535463326682687}
  - {fileID: 3850430910448640363}
  - {fileID: 8021492994092437704}
  - {fileID: 1998589058895256991}
  - {fileID: 7004389274279110331}
  - {fileID: 6343249425605696221}
  - {fileID: 6511870546754353698}
  - {fileID: 5180147197805530691}
  - {fileID: 1317910598997915178}
  - {fileID: 3912758520460907954}
  - {fileID: 8969189863654209224}
  - {fileID: 5286591529473985619}
  - {fileID: 5164059614229021140}
  - {fileID: 9159541088187881346}
  - {fileID: 323133390897117370}
  - {fileID: 9099490512804743834}
  - {fileID: 3070702524863948980}
  - {fileID: 1416970025586389580}
  - {fileID: 3330711558657009695}
  - {fileID: 1437471186181280997}
  - {fileID: 4774415448990442229}
  - {fileID: 4578510359435936070}
  m_BlendShapeWeights: []
  m_RootBone: {fileID: 4578510359435936070}
  m_AABB:
    m_Center: {x: 0.00702101, y: 0.1708619, z: -0.03680706}
    m_Extent: {x: 0.68529433, y: 1.0469885, z: 0.46396875}
  m_DirtyAABB: 0
--- !u!1 &5206589790808782290
GameObject:
  m_ObjectHideFlags: 0
  m_CorrespondingSourceObject: {fileID: 0}
  m_PrefabInstance: {fileID: 0}
  m_PrefabAsset: {fileID: 0}
  serializedVersion: 6
  m_Component:
  - component: {fileID: 2022609111674796425}
  m_Layer: 0
  m_Name: RightHandThumb2
  m_TagString: Untagged
  m_Icon: {fileID: 0}
  m_NavMeshLayer: 0
  m_StaticEditorFlags: 0
  m_IsActive: 1
--- !u!4 &2022609111674796425
Transform:
  m_ObjectHideFlags: 0
  m_CorrespondingSourceObject: {fileID: 0}
  m_PrefabInstance: {fileID: 0}
  m_PrefabAsset: {fileID: 0}
  m_GameObject: {fileID: 5206589790808782290}
  m_LocalRotation: {x: 0.08642979, y: 0.17967062, z: 0.023437506, w: 0.97964233}
  m_LocalPosition: {x: 0.038181864, y: -0.022044238, z: 0.022043578}
  m_LocalScale: {x: 1, y: 1, z: 1}
  m_Children:
  - {fileID: 6932625709733178072}
  m_Father: {fileID: 3199657022998141414}
  m_RootOrder: 0
  m_LocalEulerAnglesHint: {x: 0, y: 0, z: 0}
--- !u!1 &5380259295040612602
GameObject:
  m_ObjectHideFlags: 0
  m_CorrespondingSourceObject: {fileID: 0}
  m_PrefabInstance: {fileID: 0}
  m_PrefabAsset: {fileID: 0}
  serializedVersion: 6
  m_Component:
  - component: {fileID: 9159541088187881346}
  m_Layer: 0
  m_Name: LeftArm
  m_TagString: Untagged
  m_Icon: {fileID: 0}
  m_NavMeshLayer: 0
  m_StaticEditorFlags: 0
  m_IsActive: 1
--- !u!4 &9159541088187881346
Transform:
  m_ObjectHideFlags: 0
  m_CorrespondingSourceObject: {fileID: 0}
  m_PrefabInstance: {fileID: 0}
  m_PrefabAsset: {fileID: 0}
  m_GameObject: {fileID: 5380259295040612602}
  m_LocalRotation: {x: -0.3729304, y: 0.31048122, z: 0.043839965, w: 0.8732711}
  m_LocalPosition: {x: -0.19026992, y: -0.04857048, z: -0.01718426}
  m_LocalScale: {x: 1, y: 1, z: 1}
  m_Children:
  - {fileID: 5164059614229021140}
  m_Father: {fileID: 323133390897117370}
  m_RootOrder: 0
  m_LocalEulerAnglesHint: {x: 0, y: 0, z: 0}
--- !u!1 &5657796219476159710
GameObject:
  m_ObjectHideFlags: 0
  m_CorrespondingSourceObject: {fileID: 0}
  m_PrefabInstance: {fileID: 0}
  m_PrefabAsset: {fileID: 0}
  serializedVersion: 6
  m_Component:
  - component: {fileID: 1617120244381348525}
  m_Layer: 0
  m_Name: RightFoot
  m_TagString: Untagged
  m_Icon: {fileID: 0}
  m_NavMeshLayer: 0
  m_StaticEditorFlags: 0
  m_IsActive: 1
--- !u!4 &1617120244381348525
Transform:
  m_ObjectHideFlags: 0
  m_CorrespondingSourceObject: {fileID: 0}
  m_PrefabInstance: {fileID: 0}
  m_PrefabAsset: {fileID: 0}
  m_GameObject: {fileID: 5657796219476159710}
  m_LocalRotation: {x: -0.108975396, y: -0.037036166, z: -0.052101973, w: 0.99198693}
  m_LocalPosition: {x: 0.0010464247, y: -0.29899365, z: -0.06319178}
  m_LocalScale: {x: 1, y: 1, z: 1}
  m_Children:
  - {fileID: 5395877307403147327}
  m_Father: {fileID: 176530261547731029}
  m_RootOrder: 0
  m_LocalEulerAnglesHint: {x: 0, y: 0, z: 0}
--- !u!1 &5805815839039054416
GameObject:
  m_ObjectHideFlags: 0
  m_CorrespondingSourceObject: {fileID: 0}
  m_PrefabInstance: {fileID: 0}
  m_PrefabAsset: {fileID: 0}
  serializedVersion: 6
  m_Component:
  - component: {fileID: 51841590817402801}
  m_Layer: 0
  m_Name: RightToe_End
  m_TagString: Untagged
  m_Icon: {fileID: 0}
  m_NavMeshLayer: 0
  m_StaticEditorFlags: 0
  m_IsActive: 1
--- !u!4 &51841590817402801
Transform:
  m_ObjectHideFlags: 0
  m_CorrespondingSourceObject: {fileID: 0}
  m_PrefabInstance: {fileID: 0}
  m_PrefabAsset: {fileID: 0}
  m_GameObject: {fileID: 5805815839039054416}
  m_LocalRotation: {x: 0, y: -0, z: -0, w: 1}
  m_LocalPosition: {x: 0.002212159, y: 0.005708508, z: 0.1324832}
  m_LocalScale: {x: 1, y: 1, z: 1}
  m_Children: []
  m_Father: {fileID: 5395877307403147327}
  m_RootOrder: 0
  m_LocalEulerAnglesHint: {x: 0, y: 0, z: 0}
--- !u!1 &5838141863647954919
GameObject:
  m_ObjectHideFlags: 0
  m_CorrespondingSourceObject: {fileID: 0}
  m_PrefabInstance: {fileID: 0}
  m_PrefabAsset: {fileID: 0}
  serializedVersion: 6
  m_Component:
  - component: {fileID: 3140006401392806520}
  m_Layer: 0
  m_Name: RightHandIndex3
  m_TagString: Untagged
  m_Icon: {fileID: 0}
  m_NavMeshLayer: 0
  m_StaticEditorFlags: 0
  m_IsActive: 1
--- !u!4 &3140006401392806520
Transform:
  m_ObjectHideFlags: 0
  m_CorrespondingSourceObject: {fileID: 0}
  m_PrefabInstance: {fileID: 0}
  m_PrefabAsset: {fileID: 0}
  m_GameObject: {fileID: 5838141863647954919}
  m_LocalRotation: {x: 0.0028825586, y: 0.00884038, z: -0.045937967, w: 0.99890107}
  m_LocalPosition: {x: 0.06376054, y: -0.0007159893, z: 0.0035772654}
  m_LocalScale: {x: 1, y: 1, z: 1}
  m_Children:
  - {fileID: 1660962483907079711}
  m_Father: {fileID: 2178842760821059606}
  m_RootOrder: 0
  m_LocalEulerAnglesHint: {x: 0, y: 0, z: 0}
--- !u!1 &5890667638567278818
GameObject:
  m_ObjectHideFlags: 0
  m_CorrespondingSourceObject: {fileID: 0}
  m_PrefabInstance: {fileID: 0}
  m_PrefabAsset: {fileID: 0}
  serializedVersion: 6
  m_Component:
  - component: {fileID: 5180147197805530691}
  m_Layer: 0
  m_Name: LeftHandIndex4
  m_TagString: Untagged
  m_Icon: {fileID: 0}
  m_NavMeshLayer: 0
  m_StaticEditorFlags: 0
  m_IsActive: 1
--- !u!4 &5180147197805530691
Transform:
  m_ObjectHideFlags: 0
  m_CorrespondingSourceObject: {fileID: 0}
  m_PrefabInstance: {fileID: 0}
  m_PrefabAsset: {fileID: 0}
  m_GameObject: {fileID: 5890667638567278818}
  m_LocalRotation: {x: 0, y: -0, z: -0, w: 1}
  m_LocalPosition: {x: -0.05185912, y: -0.0017874662, z: 0.000103445665}
  m_LocalScale: {x: 1, y: 1, z: 1}
  m_Children: []
  m_Father: {fileID: 1317910598997915178}
  m_RootOrder: 0
  m_LocalEulerAnglesHint: {x: 0, y: 0, z: 0}
--- !u!1 &6552943886472348404
GameObject:
  m_ObjectHideFlags: 0
  m_CorrespondingSourceObject: {fileID: 0}
  m_PrefabInstance: {fileID: 0}
  m_PrefabAsset: {fileID: 0}
  serializedVersion: 6
  m_Component:
  - component: {fileID: 1437471186181280997}
  m_Layer: 0
  m_Name: Spine1
  m_TagString: Untagged
  m_Icon: {fileID: 0}
  m_NavMeshLayer: 0
  m_StaticEditorFlags: 0
  m_IsActive: 1
--- !u!4 &1437471186181280997
Transform:
  m_ObjectHideFlags: 0
  m_CorrespondingSourceObject: {fileID: 0}
  m_PrefabInstance: {fileID: 0}
  m_PrefabAsset: {fileID: 0}
  m_GameObject: {fileID: 6552943886472348404}
  m_LocalRotation: {x: -0.057687476, y: 0.0007181106, z: -0.020230297, w: 0.9981294}
  m_LocalPosition: {x: -0.00000009328567, y: 0.13840353, z: 0.0005345437}
  m_LocalScale: {x: 1, y: 1, z: 1}
  m_Children:
  - {fileID: 3330711558657009695}
  m_Father: {fileID: 4774415448990442229}
  m_RootOrder: 0
  m_LocalEulerAnglesHint: {x: 0, y: 0, z: 0}
--- !u!1 &7006195413836206479
GameObject:
  m_ObjectHideFlags: 0
  m_CorrespondingSourceObject: {fileID: 0}
  m_PrefabInstance: {fileID: 0}
  m_PrefabAsset: {fileID: 0}
  serializedVersion: 6
  m_Component:
  - component: {fileID: 3199657022998141414}
  m_Layer: 0
  m_Name: RightHandThumb1
  m_TagString: Untagged
  m_Icon: {fileID: 0}
  m_NavMeshLayer: 0
  m_StaticEditorFlags: 0
  m_IsActive: 1
--- !u!4 &3199657022998141414
Transform:
  m_ObjectHideFlags: 0
  m_CorrespondingSourceObject: {fileID: 0}
  m_PrefabInstance: {fileID: 0}
  m_PrefabAsset: {fileID: 0}
  m_GameObject: {fileID: 7006195413836206479}
  m_LocalRotation: {x: -0.007869846, y: 0.04868497, z: 0.059374288, w: 0.99701685}
  m_LocalPosition: {x: 0.065911524, y: -0.048522044, z: 0.059881065}
  m_LocalScale: {x: 1, y: 1, z: 1}
  m_Children:
  - {fileID: 2022609111674796425}
  m_Father: {fileID: 6833246978437992393}
  m_RootOrder: 1
  m_LocalEulerAnglesHint: {x: 0, y: 0, z: 0}
--- !u!1 &7404961673285633099
GameObject:
  m_ObjectHideFlags: 0
  m_CorrespondingSourceObject: {fileID: 0}
  m_PrefabInstance: {fileID: 0}
  m_PrefabAsset: {fileID: 0}
  serializedVersion: 6
  m_Component:
  - component: {fileID: 2178842760821059606}
  m_Layer: 0
  m_Name: RightHandIndex2
  m_TagString: Untagged
  m_Icon: {fileID: 0}
  m_NavMeshLayer: 0
  m_StaticEditorFlags: 0
  m_IsActive: 1
--- !u!4 &2178842760821059606
Transform:
  m_ObjectHideFlags: 0
  m_CorrespondingSourceObject: {fileID: 0}
  m_PrefabInstance: {fileID: 0}
  m_PrefabAsset: {fileID: 0}
  m_GameObject: {fileID: 7404961673285633099}
  m_LocalRotation: {x: 0.0036205966, y: 0.0431571, z: -0.12054654, w: 0.9917625}
  m_LocalPosition: {x: 0.052133184, y: 0.00000021298524, z: 0.00000038379926}
  m_LocalScale: {x: 1, y: 1, z: 1}
  m_Children:
  - {fileID: 3140006401392806520}
  m_Father: {fileID: 914452159312487490}
  m_RootOrder: 0
  m_LocalEulerAnglesHint: {x: 0, y: 0, z: 0}
--- !u!1 &7407933617662253526
GameObject:
  m_ObjectHideFlags: 0
  m_CorrespondingSourceObject: {fileID: 0}
  m_PrefabInstance: {fileID: 0}
  m_PrefabAsset: {fileID: 0}
  serializedVersion: 6
  m_Component:
  - component: {fileID: 4774415448990442229}
  m_Layer: 0
  m_Name: Spine
  m_TagString: Untagged
  m_Icon: {fileID: 0}
  m_NavMeshLayer: 0
  m_StaticEditorFlags: 0
  m_IsActive: 1
--- !u!4 &4774415448990442229
Transform:
  m_ObjectHideFlags: 0
  m_CorrespondingSourceObject: {fileID: 0}
  m_PrefabInstance: {fileID: 0}
  m_PrefabAsset: {fileID: 0}
  m_GameObject: {fileID: 7407933617662253526}
  m_LocalRotation: {x: -0.040408123, y: -0.0035968265, z: -0.0065818653, w: 0.9991551}
  m_LocalPosition: {x: -0.0011690584, y: 0.10681038, z: 0.0037344173}
  m_LocalScale: {x: 1, y: 1, z: 1}
  m_Children:
  - {fileID: 1437471186181280997}
  m_Father: {fileID: 4578510359435936070}
  m_RootOrder: 2
  m_LocalEulerAnglesHint: {x: 0, y: 0, z: 0}
--- !u!1 &7761030447841073238
GameObject:
  m_ObjectHideFlags: 0
  m_CorrespondingSourceObject: {fileID: 0}
  m_PrefabInstance: {fileID: 0}
  m_PrefabAsset: {fileID: 0}
  serializedVersion: 6
  m_Component:
  - component: {fileID: 1317910598997915178}
  m_Layer: 0
  m_Name: LeftHandIndex3
  m_TagString: Untagged
  m_Icon: {fileID: 0}
  m_NavMeshLayer: 0
  m_StaticEditorFlags: 0
  m_IsActive: 1
--- !u!4 &1317910598997915178
Transform:
  m_ObjectHideFlags: 0
  m_CorrespondingSourceObject: {fileID: 0}
  m_PrefabInstance: {fileID: 0}
  m_PrefabAsset: {fileID: 0}
  m_GameObject: {fileID: 7761030447841073238}
  m_LocalRotation: {x: 0.00058277365, y: -0.023870874, z: 0.17282523, w: 0.98466307}
  m_LocalPosition: {x: -0.06386483, y: -0.0000003043229, z: -0.00000024787823}
  m_LocalScale: {x: 1, y: 1, z: 1}
  m_Children:
  - {fileID: 5180147197805530691}
  m_Father: {fileID: 3912758520460907954}
  m_RootOrder: 0
  m_LocalEulerAnglesHint: {x: 0, y: 0, z: 0}
--- !u!1 &7818191041709959366
GameObject:
  m_ObjectHideFlags: 0
  m_CorrespondingSourceObject: {fileID: 0}
  m_PrefabInstance: {fileID: 0}
  m_PrefabAsset: {fileID: 0}
  serializedVersion: 6
  m_Component:
  - component: {fileID: 6343249425605696221}
  m_Layer: 0
  m_Name: LeftHandThumb2
  m_TagString: Untagged
  m_Icon: {fileID: 0}
  m_NavMeshLayer: 0
  m_StaticEditorFlags: 0
  m_IsActive: 1
--- !u!4 &6343249425605696221
Transform:
  m_ObjectHideFlags: 0
  m_CorrespondingSourceObject: {fileID: 0}
  m_PrefabInstance: {fileID: 0}
  m_PrefabAsset: {fileID: 0}
  m_GameObject: {fileID: 7818191041709959366}
  m_LocalRotation: {x: 0.2501858, y: 0.0007641953, z: 0.05910451, w: 0.96639186}
  m_LocalPosition: {x: -0.038181897, y: -0.022044182, z: 0.02204357}
  m_LocalScale: {x: 1, y: 1, z: 1}
  m_Children:
  - {fileID: 7004389274279110331}
  m_Father: {fileID: 6511870546754353698}
  m_RootOrder: 0
  m_LocalEulerAnglesHint: {x: 0, y: 0, z: 0}
--- !u!1 &8167504324692173198
GameObject:
  m_ObjectHideFlags: 0
  m_CorrespondingSourceObject: {fileID: 0}
  m_PrefabInstance: {fileID: 0}
  m_PrefabAsset: {fileID: 0}
  serializedVersion: 6
  m_Component:
  - component: {fileID: 8021492994092437704}
  m_Layer: 0
  m_Name: RightShoulder
  m_TagString: Untagged
  m_Icon: {fileID: 0}
  m_NavMeshLayer: 0
  m_StaticEditorFlags: 0
  m_IsActive: 1
--- !u!4 &8021492994092437704
Transform:
  m_ObjectHideFlags: 0
  m_CorrespondingSourceObject: {fileID: 0}
  m_PrefabInstance: {fileID: 0}
  m_PrefabAsset: {fileID: 0}
  m_GameObject: {fileID: 8167504324692173198}
  m_LocalRotation: {x: -0.016381044, y: 0.057733987, z: -0.06408259, w: 0.9961385}
  m_LocalPosition: {x: 0.12896338, y: 0.26716313, z: -0.045484312}
  m_LocalScale: {x: 1, y: 1, z: 1}
  m_Children:
  - {fileID: 3850430910448640363}
  m_Father: {fileID: 3330711558657009695}
  m_RootOrder: 2
  m_LocalEulerAnglesHint: {x: 0, y: 0, z: 0}
--- !u!1 &8308511584656729934
GameObject:
  m_ObjectHideFlags: 0
  m_CorrespondingSourceObject: {fileID: 0}
  m_PrefabInstance: {fileID: 0}
  m_PrefabAsset: {fileID: 0}
  serializedVersion: 6
  m_Component:
  - component: {fileID: 5164059614229021140}
  m_Layer: 0
  m_Name: LeftForeArm
  m_TagString: Untagged
  m_Icon: {fileID: 0}
  m_NavMeshLayer: 0
  m_StaticEditorFlags: 0
  m_IsActive: 1
--- !u!4 &5164059614229021140
Transform:
  m_ObjectHideFlags: 0
  m_CorrespondingSourceObject: {fileID: 0}
  m_PrefabInstance: {fileID: 0}
  m_PrefabAsset: {fileID: 0}
  m_GameObject: {fileID: 8308511584656729934}
  m_LocalRotation: {x: -0.2691274, y: 0.82829386, z: 0.0000010001712, w: 0.4914262}
  m_LocalPosition: {x: -0.24179876, y: 0.00000026901301, z: -0.00000025079186}
  m_LocalScale: {x: 1, y: 1, z: 1}
  m_Children:
  - {fileID: 5286591529473985619}
  m_Father: {fileID: 9159541088187881346}
  m_RootOrder: 0
  m_LocalEulerAnglesHint: {x: 0, y: 0, z: 0}
--- !u!1 &8540918066572461678
GameObject:
  m_ObjectHideFlags: 0
  m_CorrespondingSourceObject: {fileID: 0}
  m_PrefabInstance: {fileID: 0}
  m_PrefabAsset: {fileID: 0}
  serializedVersion: 6
  m_Component:
  - component: {fileID: 3070702524863948980}
  m_Layer: 0
  m_Name: Head
  m_TagString: Untagged
  m_Icon: {fileID: 0}
  m_NavMeshLayer: 0
  m_StaticEditorFlags: 0
  m_IsActive: 1
--- !u!4 &3070702524863948980
Transform:
  m_ObjectHideFlags: 0
  m_CorrespondingSourceObject: {fileID: 0}
  m_PrefabInstance: {fileID: 0}
  m_PrefabAsset: {fileID: 0}
  m_GameObject: {fileID: 8540918066572461678}
  m_LocalRotation: {x: -0.24455026, y: -0.096746, z: -0.009921636, w: 0.96474713}
  m_LocalPosition: {x: -0.000000114929065, y: 0.16899206, z: 0.0121825375}
  m_LocalScale: {x: 1, y: 1, z: 1}
  m_Children:
  - {fileID: 9099490512804743834}
  m_Father: {fileID: 1416970025586389580}
  m_RootOrder: 0
  m_LocalEulerAnglesHint: {x: 0, y: 0, z: 0}
--- !u!1 &8736887249320594881
GameObject:
  m_ObjectHideFlags: 0
  m_CorrespondingSourceObject: {fileID: 0}
  m_PrefabInstance: {fileID: 0}
  m_PrefabAsset: {fileID: 0}
  serializedVersion: 6
  m_Component:
  - component: {fileID: 4078190835798576721}
  m_Layer: 0
  m_Name: RightUpLeg
  m_TagString: Untagged
  m_Icon: {fileID: 0}
  m_NavMeshLayer: 0
  m_StaticEditorFlags: 0
  m_IsActive: 1
--- !u!4 &4078190835798576721
Transform:
  m_ObjectHideFlags: 0
  m_CorrespondingSourceObject: {fileID: 0}
  m_PrefabInstance: {fileID: 0}
  m_PrefabAsset: {fileID: 0}
  m_GameObject: {fileID: 8736887249320594881}
  m_LocalRotation: {x: -0.032019492, y: 0.09188038, z: 0.10451026, w: 0.9897527}
  m_LocalPosition: {x: 0.13839261, y: -0.07904089, z: -0.0146295875}
  m_LocalScale: {x: 1, y: 1, z: 1}
  m_Children:
  - {fileID: 176530261547731029}
  m_Father: {fileID: 4578510359435936070}
  m_RootOrder: 1
  m_LocalEulerAnglesHint: {x: 0, y: 0, z: 0}
--- !u!1 &8914999909065005581
GameObject:
  m_ObjectHideFlags: 0
  m_CorrespondingSourceObject: {fileID: 0}
  m_PrefabInstance: {fileID: 0}
  m_PrefabAsset: {fileID: 0}
  serializedVersion: 6
  m_Component:
  - component: {fileID: 4195334890475951775}
  m_Layer: 0
  m_Name: LeftToeBase
  m_TagString: Untagged
  m_Icon: {fileID: 0}
  m_NavMeshLayer: 0
  m_StaticEditorFlags: 0
  m_IsActive: 1
--- !u!4 &4195334890475951775
Transform:
  m_ObjectHideFlags: 0
  m_CorrespondingSourceObject: {fileID: 0}
  m_PrefabInstance: {fileID: 0}
  m_PrefabAsset: {fileID: 0}
  m_GameObject: {fileID: 8914999909065005581}
  m_LocalRotation: {x: -0.000000026030621, y: 4.9509813e-11, z: 0.000000023574042, w: 1}
  m_LocalPosition: {x: -0.015511083, y: -0.14988685, z: 0.20535816}
  m_LocalScale: {x: 1, y: 1, z: 1}
  m_Children:
  - {fileID: 4743954885005432545}
  m_Father: {fileID: 8505548522269660335}
  m_RootOrder: 0
  m_LocalEulerAnglesHint: {x: 0, y: 0, z: 0}
--- !u!1001 &3374832595612319178
PrefabInstance:
  m_ObjectHideFlags: 0
  serializedVersion: 2
  m_Modification:
    m_TransformParent: {fileID: 5286591529473985619}
    m_Modifications:
    - target: {fileID: 9113096591549633611, guid: 1d216e9cb2dc2ca44b1aba0ee8f8c091, type: 3}
      propertyPath: m_Name
      value: Mug
      objectReference: {fileID: 0}
    - target: {fileID: 9113096591549633611, guid: 1d216e9cb2dc2ca44b1aba0ee8f8c091, type: 3}
      propertyPath: m_IsActive
      value: 0
      objectReference: {fileID: 0}
    - target: {fileID: 9113096591549663339, guid: 1d216e9cb2dc2ca44b1aba0ee8f8c091, type: 3}
      propertyPath: m_RootOrder
      value: 2
      objectReference: {fileID: 0}
    - target: {fileID: 9113096591549663339, guid: 1d216e9cb2dc2ca44b1aba0ee8f8c091, type: 3}
      propertyPath: m_LocalScale.x
      value: 2
      objectReference: {fileID: 0}
    - target: {fileID: 9113096591549663339, guid: 1d216e9cb2dc2ca44b1aba0ee8f8c091, type: 3}
      propertyPath: m_LocalScale.y
      value: 2
      objectReference: {fileID: 0}
    - target: {fileID: 9113096591549663339, guid: 1d216e9cb2dc2ca44b1aba0ee8f8c091, type: 3}
      propertyPath: m_LocalScale.z
      value: 2
      objectReference: {fileID: 0}
    - target: {fileID: 9113096591549663339, guid: 1d216e9cb2dc2ca44b1aba0ee8f8c091, type: 3}
      propertyPath: m_LocalPosition.x
      value: -0.1
      objectReference: {fileID: 0}
    - target: {fileID: 9113096591549663339, guid: 1d216e9cb2dc2ca44b1aba0ee8f8c091, type: 3}
      propertyPath: m_LocalPosition.y
      value: -0.301
      objectReference: {fileID: 0}
    - target: {fileID: 9113096591549663339, guid: 1d216e9cb2dc2ca44b1aba0ee8f8c091, type: 3}
      propertyPath: m_LocalPosition.z
      value: -0.258
      objectReference: {fileID: 0}
    - target: {fileID: 9113096591549663339, guid: 1d216e9cb2dc2ca44b1aba0ee8f8c091, type: 3}
      propertyPath: m_LocalRotation.w
      value: 0.44652766
      objectReference: {fileID: 0}
    - target: {fileID: 9113096591549663339, guid: 1d216e9cb2dc2ca44b1aba0ee8f8c091, type: 3}
      propertyPath: m_LocalRotation.x
      value: 0.5365427
      objectReference: {fileID: 0}
    - target: {fileID: 9113096591549663339, guid: 1d216e9cb2dc2ca44b1aba0ee8f8c091, type: 3}
      propertyPath: m_LocalRotation.y
      value: -0.57428813
      objectReference: {fileID: 0}
    - target: {fileID: 9113096591549663339, guid: 1d216e9cb2dc2ca44b1aba0ee8f8c091, type: 3}
      propertyPath: m_LocalRotation.z
      value: -0.42770103
      objectReference: {fileID: 0}
    - target: {fileID: 9113096591549663339, guid: 1d216e9cb2dc2ca44b1aba0ee8f8c091, type: 3}
      propertyPath: m_LocalEulerAnglesHint.x
      value: -0.692
      objectReference: {fileID: 0}
    - target: {fileID: 9113096591549663339, guid: 1d216e9cb2dc2ca44b1aba0ee8f8c091, type: 3}
      propertyPath: m_LocalEulerAnglesHint.y
      value: -103.614
      objectReference: {fileID: 0}
    - target: {fileID: 9113096591549663339, guid: 1d216e9cb2dc2ca44b1aba0ee8f8c091, type: 3}
      propertyPath: m_LocalEulerAnglesHint.z
      value: -86.652
      objectReference: {fileID: 0}
    m_RemovedComponents: []
  m_SourcePrefab: {fileID: 100100000, guid: 1d216e9cb2dc2ca44b1aba0ee8f8c091, type: 3}
--- !u!1 &5813559208288856449 stripped
GameObject:
  m_CorrespondingSourceObject: {fileID: 9113096591549633611, guid: 1d216e9cb2dc2ca44b1aba0ee8f8c091, type: 3}
  m_PrefabInstance: {fileID: 3374832595612319178}
  m_PrefabAsset: {fileID: 0}
--- !u!4 &5813559208289088929 stripped
Transform:
  m_CorrespondingSourceObject: {fileID: 9113096591549663339, guid: 1d216e9cb2dc2ca44b1aba0ee8f8c091, type: 3}
  m_PrefabInstance: {fileID: 3374832595612319178}
  m_PrefabAsset: {fileID: 0}
